@book{Zhang88,
author=蔣紹愚,
booktitle=古漢語彙網要,
publisher=차이나하우스
originalyear=1988
year=2012,
}
